@manual{anleitung,
  author = "TU Dortmund",
  title = "Kettenschaltungen mit LC-Gliedern",
  URL = "http://129.217.224.2/HOMEPAGE/PHYSIKER/BACHELOR/AP/SKRIPT/V356.pdf",
}
